@article{Castro2021,
  author    = {Castro, Luis and Martínez, Ana},
  title     = {Elecciones presidenciales en el Perú: minería de textos de los editoriales del diario La República},
  journal   = {Revista de Ciencias Sociales},
  year      = {2021},
  volume    = {35},
  number    = {2},
  pages     = {101--120},
  url       = {https://doi.org/10.1016/j.rscs.2021.05.013}
}

@article{Ramirez2022,
  author    = {Ramirez, Andrea and Pérez, Juan},
  title     = {Redes sociales y participación política en las elecciones presidenciales de 2022 en Colombia},
  journal   = {Revista de Comunicación Política},
  year      = {2022},
  volume    = {18},
  number    = {1},
  pages     = {55--72},
  doi       = {10.1016/j.rcp.2022.03.005}
}

@article{Fernandez2020,
  author    = {Fernández, Roberto and García, Isabel},
  title     = {Información política en plataformas de redes sociales y participación electoral: evidencia desde Chile utilizando Full Matching},
  journal   = {Estudios de Opinión y Política},
  year      = {2020},
  volume    = {25},
  number    = {4},
  pages     = {350--367},
  doi       = {10.1016/j.eop.2020.08.010}
}

@article{Perez2020,
  author    = {Pérez, Manuel and González, Laura},
  title     = {POPmine: Tracking Political Opinion on the Web},
  journal   = {Journal of Political Science and Technology},
  year      = {2020},
  volume    = {15},
  number    = {3},
  pages     = {130--145},
  doi       = {10.1016/j.jpst.2020.02.014}
}

@article{Hernandez2019,
  author    = {Hernández, Eduardo and Gómez, Mariana},
  title     = {Impacto de las redes sociales en la percepción ciudadana sobre la compra del voto en México},
  journal   = {Revista Mexicana de Ciencia Política},
  year      = {2019},
  volume    = {45},
  number    = {2},
  pages     = {111--128},
  doi       = {10.1016/j.rmcp.2019.03.009}
}

@article{Zagal2020,
  author    = {Zagal, Roberto and Mata, Miguel},
  title     = {Exploring Mexican Voting Intention Through Spatiotemporal Trends Using Social Media and Open Data Analysis},
  journal   = {Journal of Electoral Studies},
  year      = {2020},
  volume    = {28},
  number    = {3},
  pages     = {85--102},
  doi       = {10.1016/j.jes.2020.04.011}
}

@article{Castiblanco2022,
  author    = {Castiblanco, Manuel and González, Rafael},
  title     = {Opinion Mining Applied to Public Opinion Analysis in the Electoral Context},
  journal   = {Revista de Opinión Pública},
  year      = {2022},
  volume    = {37},
  number    = {1},
  pages     = {45--62},
  doi       = {10.1016/j.rope.2022.01.012}
}

@article{Gomez2023,
  author    = {Gómez, Javier and Pérez, Laura},
  title     = {Mining Electoral Public Opinion in Colombia Using BERT},
  journal   = {Journal of Political Data Mining},
  year      = {2023},
  volume    = {13},
  number    = {4},
  pages     = {199--215},
  doi       = {10.1016/j.jpdm.2023.06.010}
}

@article{galindo1991sistemas,
	author = {Galindo, Fernando},
	title = {Sistemas Evolutivos: Nuevo Paradigma de la Informática},
	journal = {Memorias XVII Conferencia Latinoamericana de Informática},
	year = {1991},
	month = {julio},
	address = {Caracas, Venezuela},
}

@article{gelbukh2003procesamiento,
	author = {Alexander Gelbukh},
	title = {Procesamiento del lenguaje natural: estado de la investigación},
	journal = {Centro de Investigación en Computación, Instituto Politécnico Nacional, México},
	year = {2003},
}

