@inbook{
    kurose_ross_2022,
    chapter=1,
    place={Hoboken},
    title={First Chapter},
    booktitle={Computer networking a top-down approach},
    publisher={Pearson},
    author={Kurose, James F. and Ross, Keith W.},
    year={2022}
} 

@techreport{RFC1122,
  author = {Robert Braden},
  title = {Requirements for Internet Hosts - Communication Layers},
  howpublished = {Internet Requests for Comments},
  type = {STD},
  number = {3},
  year = {1989},
  month = {October},
  issn = {2070-1721},
  publisher = {RFC Editor},
  institution = {RFC Editor},
  url = {http://www.rfc-editor.org/rfc/rfc1122.txt},
  note = {\url{http://www.rfc-editor.org/rfc/rfc1122.txt}},
}

@techreport{RFC3439,
  author = {R. Bush and D. Meyer},
  title = {Some Internet Architectural Guidelines and Philosophy},
  howpublished = {Internet Requests for Comments},
  type = {RFC},
  number = {3439},
  year = {2002},
  month = {December},
  issn = {2070-1721},
  publisher = {RFC Editor},
  institution = {RFC Editor},
  url = {http://www.rfc-editor.org/rfc/rfc3439.txt},
  note = {\url{http://www.rfc-editor.org/rfc/rfc3439.txt}},
}

@techreport{RFC0791,
  author = {Jon Postel},
  title = {Internet Protocol},
  howpublished = {Internet Requests for Comments},
  type = {STD},
  number = {5},
  year = {1981},
  month = {September},
  issn = {2070-1721},
  publisher = {RFC Editor},
  institution = {RFC Editor},
  url = {http://www.rfc-editor.org/rfc/rfc791.txt},
  note = {\url{http://www.rfc-editor.org/rfc/rfc791.txt}},
}

@techreport{RFC1812,
  author = {F. Baker},
  title = {Requirements for IP Version 4 Routers},
  howpublished = {Internet Requests for Comments},
  type = {RFC},
  number = {1812},
  year = {1995},
  month = {June},
  issn = {2070-1721},
  publisher = {RFC Editor},
  institution = {RFC Editor},
}

@techreport{RFC8200,
  author = {S. Deering and R. Hinden},
  title = {Internet Protocol, Version 6 (IPv6) Specification},
  howpublished = {Internet Requests for Comments},
  type = {STD},
  number = {86},
  year = {2017},
  month = {July},
  issn = {2070-1721},
  publisher = {RFC Editor},
  institution = {RFC Editor},
}

@techreport{RFC8504,
  author = {T. Chown and J. Loughney and T. Winters},
  title = {IPv6 Node Requirements},
  howpublished = {Internet Requests for Comments},
  type = {BCP},
  number = {220},
  year = {2019},
  month = {January},
  issn = {2070-1721},
  publisher = {RFC Editor},
  institution = {RFC Editor},
}

@techreport{RFC1349,
  author = {Philip Almquist},
  title = {Type of Service in the Internet Protocol Suite},
  howpublished = {Internet Requests for Comments},
  type = {RFC},
  number = {1349},
  year = {1992},
  month = {July},
  issn = {2070-1721},
  publisher = {RFC Editor},
  institution = {RFC Editor},
  url = {http://www.rfc-editor.org/rfc/rfc1349.txt},
  note = {\url{http://www.rfc-editor.org/rfc/rfc1349.txt}},
}

@techreport{RFC0793,
  author = {Jon Postel},
  title = {Transmission Control Protocol},
  howpublished = {Internet Requests for Comments},
  type = {STD},
  number = {7},
  year = {1981},
  month = {September},
  issn = {2070-1721},
  publisher = {RFC Editor},
  institution = {RFC Editor},
  url = {http://www.rfc-editor.org/rfc/rfc793.txt},
  note = {\url{http://www.rfc-editor.org/rfc/rfc793.txt}},
}

@techreport{RFC0792,
  author = {J. Postel},
  title = {Internet Control Message Protocol},
  howpublished = {Internet Requests for Comments},
  type = {STD},
  number = {5},
  year = {1981},
  month = {September},
  issn = {2070-1721},
  publisher = {RFC Editor},
  institution = {RFC Editor},
  url = {http://www.rfc-editor.org/rfc/rfc792.txt},
  note = {\url{http://www.rfc-editor.org/rfc/rfc792.txt}},
}

@manual{ip,
 title      = "IP(8) Linux User's Manual",
 author        = "Alexey Kuznetsov",
 organization  = "",
 address   = "",
 edition   = "",
 year       = "2011",
 month      = "December",
 note      = "show / manipulate routing, network devices, interfaces and tunnels"
}

@manual{ping,
 title      = "ping(8) Linux User's Manual",
 author        = "Alexey Kuznetsov",
 organization  = "",
 address   = "",
 edition   = "",
 year       = "2013",
 month      = "July",
 note      = "send ICMP ECHO\_REQUEST to network hosts"
}

@manual{tracepath,
 title      = "tracepath(8) Linux User's Manual",
 author        = "Alexey Kuznetsov",
 organization  = "",
 address   = "",
 edition   = "",
 year       = "2013",
 month      = "July",
 note      = "traces path to a network host discovering MTU along this path"
}

@manual{wireshark,
 title      = "wireshark(1) Linux User's Manual",
 author        = "Alexey Kuznetsov",
 version = "4.0",
 organization  = "",
 address   = "",
 edition   = "",
 year       = "2022",
 month      = "October",
 note      = "Interactively dump and analyze network traffic"
}